<?xml version="1.0" encoding="UTF-8" ?>
<Document xmlns="urn:iso:std:iso:20022:tech:xsd:pain.008.001.02" xmlns:xsi="http://www.w3.org/2001/XMLSchema-instance">
    <CstmrDrctDbtInitn>
        <GrpHdr>
            <MsgId>MMMM20211231v1</MsgId>
            <CreDtTm>2013-07-18T10:00:00</CreDtTm>
            <NbOfTxs>1</NbOfTxs>
            <CtrlSum>0.02</CtrlSum>
            <InitgPty>
                <Nm>MIB</Nm>
            </InitgPty>
        </GrpHdr>
        <PmtInf>
            <PmtInfId>PmtInfId-DD20211231-1</PmtInfId>
            <PmtMtd>DD</PmtMtd>
            <BtchBookg>true</BtchBookg>
            <NbOfTxs>1</NbOfTxs>
            <CtrlSum>0.02</CtrlSum>
            <PmtTpInf>
                <SvcLvl>
                    <Cd>SEPA</Cd>
                </SvcLvl>
                <LclInstrm>
                    <Cd>CORE</Cd>
                </LclInstrm>
                <SeqTp>FRST</SeqTp>
            </PmtTpInf>
            <ReqdColltnDt>2021-12-31</ReqdColltnDt>
            <Cdtr>
                <Nm>MïB</Nm>
                <PstlAdr>
                    <Ctry>NL</Ctry>
                    <AdrLine>Gräädt van Roggenweg 400</AdrLine>
                    <AdrLine>Utrecht</AdrLine>
                </PstlAdr>
            </Cdtr>
            <CdtrAcct>
                <Id>
                    <IBAN>NL86RABO1999999991</IBAN>
                </Id>
                <Ccy>EUR</Ccy>
            </CdtrAcct>
            <CdtrAgt>
                <FinInstnId>
                    <BIC>RABONL2U</BIC>
                </FinInstnId>
            </CdtrAgt>
            <ChrgBr>SLEV</ChrgBr>
            <CdtrSchmeId>
                <Id>
                    <PrvtId>
                        <Othr>
                            <Id>NL33ZZZ300456820000</Id>
                            <SchmeNm>
                                <Prtry>SEPA</Prtry>
                            </SchmeNm>
                        </Othr>
                    </PrvtId>
                </Id>
            </CdtrSchmeId>
            <DrctDbtTxInf>
                <PmtId>
                    <EndToEndId>MIB E2E305-312DD20211231v1</EndToEndId>
                </PmtId>
                <InstdAmt Ccy="EUR">0.02</InstdAmt>
                <DrctDbtTx>
                    <MndtRltdInf>
                        <MndtId>00001</MndtId>
                        <DtOfSgntr>2021-07-30</DtOfSgntr>
                    </MndtRltdInf>
                </DrctDbtTx>
                <DbtrAgt>
                    <FinInstnId>
                        <BIC>RABONL2U</BIC>
                    </FinInstnId>
                </DbtrAgt>
                <Dbtr>
                    <Nm>MIB 320</Nm>
                    <PstlAdr>
                        <Ctry>NL</Ctry>
                        <AdrLine>Graadt van Roggenweg 400</AdrLine>
                        <AdrLine>Utrecht</AdrLine>
                    </PstlAdr>
                </Dbtr>
                <DbtrAcct>
                    <Id>
                        <IBAN>NL11RABO3444444443</IBAN>
                    </Id>
                </DbtrAcct>
                <RmtInf>
                    <Ustrd>MIB304-320DD20211231v1</Ustrd>
                </RmtInf>
            </DrctDbtTxInf>
        </PmtInf>
    </CstmrDrctDbtInitn>
</Document>